<record><leader>00000cas a2200000 a 4500</leader><controlfield tag="001">8892368</controlfield><controlfield tag="007">hd afb016baca</controlfield><controlfield tag="007">hd bfb016baaa</controlfield><controlfield tag="007">hd bfb016baba</controlfield><controlfield tag="008">821026d18481867pauwr nea     0    0eng c</controlfield><datafield ind1=" " ind2=" " tag="010"><subfield code="a">sn 97016136 </subfield></datafield><datafield ind1=" " ind2=" " tag="040"><subfield code="a">VYN</subfield><subfield code="b">eng</subfield><subfield code="c">VYN</subfield><subfield code="d">ATL</subfield><subfield code="d">OCL</subfield><subfield code="d">OCLCQ</subfield><subfield code="d">OCLCF</subfield><subfield code="d">OCLCO</subfield></datafield><datafield ind1="1" ind2=" " tag="029"><subfield code="a">AU@</subfield><subfield code="b">000020132257</subfield></datafield><datafield ind1=" " ind2=" " tag="042"><subfield code="a">pcc</subfield></datafield><datafield ind1=" " ind2=" " tag="043"><subfield code="a">n-us---</subfield></datafield><datafield ind1="1" ind2="4" tag="050"><subfield code="a">BX9551</subfield></datafield><datafield ind1="0" ind2="0" tag="245"><subfield code="a">German Reformed messenger</subfield><subfield code="h">[microform].</subfield></datafield><datafield ind1=" " ind2=" " tag="260"><subfield code="a">Chambersburg, Pa. :</subfield><subfield code="b">M. Kieffer,</subfield><subfield code="c">1848-1867.</subfield></datafield><datafield ind1=" " ind2=" " tag="300"><subfield code="a">19 v. ;</subfield><subfield code="c">63 cm.</subfield></datafield><datafield ind1=" " ind2=" " tag="310"><subfield code="a">Weekly</subfield></datafield><datafield ind1="0" ind2=" " tag="362"><subfield code="a">New ser., v. 14, no. 13 (Dec. 6, 1848)-new ser., v. 32, no. 52 (Aug. 28, 1867) = whole no. 689-whole no. 1657.</subfield></datafield><datafield ind1=" " ind2=" " tag="500"><subfield code="a">Published under the direction of the Board of Publication of the German Reformed Church.</subfield></datafield><datafield ind1=" " ind2=" " tag="515"><subfield code="a">None published Aug. 1864.</subfield></datafield><datafield ind1=" " ind2=" " tag="533"><subfield code="a">Microfilm.</subfield><subfield code="m">v.14-32 (1848-1867)</subfield><subfield code="b">Evanston, Ill. :</subfield><subfield code="c">American Theological Library Association,</subfield><subfield code="d">1969.</subfield><subfield code="e">7 microfilm reels ; 35 mm.</subfield><subfield code="f">(ATLA serials preservation program ; ATLA film S0157F).</subfield><subfield code="n">Reel 1 includes v. 13-14, no. 12 of the Weekly messenger (Chambersburg, Pa.).</subfield></datafield><datafield ind1="2" ind2="0" tag="610"><subfield code="a">German Reformed Church (U.S.)</subfield><subfield code="v">Newspapers.</subfield></datafield><datafield ind1=" " ind2="7" tag="655"><subfield code="a">Newspapers.</subfield><subfield code="2">fast</subfield><subfield code="0">(OCoLC)fst01423814</subfield></datafield><datafield ind1="2" ind2="7" tag="610"><subfield code="a">German Reformed Church (U.S.)</subfield><subfield code="2">fast</subfield><subfield code="0">(OCoLC)fst00621691</subfield></datafield><datafield ind1="2" ind2=" " tag="710"><subfield code="a">German Reformed Church (U.S.).</subfield><subfield code="b">Publication Office.</subfield></datafield><datafield ind1=" " ind2=" " tag="752"><subfield code="a">United States</subfield><subfield code="b">Pennsylvania</subfield><subfield code="c">Franklin</subfield><subfield code="d">Chambersburg.</subfield></datafield><datafield ind1="1" ind2=" " tag="776"><subfield code="c">Original</subfield><subfield code="w">(DLC)sn 87090458</subfield><subfield code="w">(OCoLC)13028622</subfield></datafield><datafield ind1="0" ind2="0" tag="780"><subfield code="t">Weekly messenger (Chambersburg, Pa.)</subfield><subfield code="w">(DLC)sn 97016135</subfield><subfield code="w">(OCoLC)8892271</subfield></datafield><datafield ind1="0" ind2="0" tag="785"><subfield code="t">Reformed Church messenger (Philadelphia, Pa. : 1867)</subfield><subfield code="w">(DLC)sn 97016138</subfield><subfield code="w">(OCoLC)8450756</subfield></datafield><datafield ind1=" " ind2="0" tag="830"><subfield code="a">ATLA serials preservation program ;</subfield><subfield code="v">ATLA film S0157F.</subfield></datafield></record>